[gd_resource type="Resource" load_steps=7 format=2]

[ext_resource path="res://Level/SpawnPatterns/SpawnPattern.gd" type="Script" id=1]
[ext_resource path="res://Objects/Units/Ships/ShipNormal.tscn" type="PackedScene" id=2]
[ext_resource path="res://Objects/Units/Ships/ShipStrong.tscn" type="PackedScene" id=3]
[ext_resource path="res://Objects/Units/Ships/ShipFast.tscn" type="PackedScene" id=4]
[ext_resource path="res://Objects/Units/Ships/ShipWarrior.tscn" type="PackedScene" id=5]
[ext_resource path="res://Objects/Units/Ships/ShipPirate.tscn" type="PackedScene" id=6]

[resource]
script = ExtResource( 1 )
ships = [ ExtResource( 2 ), ExtResource( 5 ), ExtResource( 3 ), ExtResource( 6 ), ExtResource( 6 ), ExtResource( 4 ), ExtResource( 4 ), ExtResource( 5 ), ExtResource( 5 ), ExtResource( 3 ), ExtResource( 2 ), ExtResource( 2 ), ExtResource( 6 ), ExtResource( 3 ), ExtResource( 6 ), ExtResource( 5 ), ExtResource( 6 ), ExtResource( 5 ), ExtResource( 6 ), ExtResource( 6 ) ]
wait_time = 1.8
dialog_at_win = "Tutorial6"
dialog_at_fail = "Fail"
tech_level_inc = false
add_money = 0
