[gd_scene load_steps=10 format=2]

[ext_resource path="res://Objects/Units/Tower/Tower.png" type="Texture" id=1]
[ext_resource path="res://Objects/Units/Turret/Cannon/Chassis.png" type="Texture" id=2]
[ext_resource path="res://Objects/Units/Turret/Cannon/Barrel.png" type="Texture" id=3]
[ext_resource path="res://Objects/Units/Turret/TurretTemplate.gd" type="Script" id=4]
[ext_resource path="res://Objects/Units/Turret/Cannon/Ball/BallCannon.tscn" type="PackedScene" id=5]
[ext_resource path="res://Objects/Units/Turret/Cannon/boom.ogg" type="AudioStream" id=6]

[sub_resource type="Animation" id=1]
resource_name = "Shoot"
length = 0.5
step = 0.05
tracks/0/type = "value"
tracks/0/path = NodePath(".:position")
tracks/0/interp = 1
tracks/0/loop_wrap = true
tracks/0/imported = false
tracks/0/enabled = true
tracks/0/keys = {
"times": PoolRealArray( 0, 0.25, 0.5 ),
"transitions": PoolRealArray( 0.5, -2, 1 ),
"update": 0,
"values": [ Vector2( 0, 0 ), Vector2( -3, 0 ), Vector2( 0, 0 ) ]
}
tracks/1/type = "value"
tracks/1/path = NodePath("Barrel:position")
tracks/1/interp = 1
tracks/1/loop_wrap = true
tracks/1/imported = false
tracks/1/enabled = true
tracks/1/keys = {
"times": PoolRealArray( 0, 0.25, 0.5 ),
"transitions": PoolRealArray( 0.5, -2, 1 ),
"update": 0,
"values": [ Vector2( 4, 0 ), Vector2( 2, 0 ), Vector2( 4, 0 ) ]
}

[sub_resource type="RectangleShape2D" id=2]
extents = Vector2( 3.5, 3.5 )

[sub_resource type="CircleShape2D" id=3]
radius = 200.0

[node name="TurretTemplate" type="Area2D"]
script = ExtResource( 4 )
ball_scene = ExtResource( 5 )

[node name="Tower" type="Sprite" parent="."]
visible = false
texture = ExtResource( 1 )

[node name="Chassis" type="Sprite" parent="."]
texture = ExtResource( 2 )

[node name="Barrel" type="Sprite" parent="Chassis"]
position = Vector2( 4, 0 )
texture = ExtResource( 3 )

[node name="BallPosition" type="Position2D" parent="Chassis/Barrel"]
position = Vector2( 5, 0 )

[node name="AnimationPlayer" type="AnimationPlayer" parent="Chassis"]
anims/Shoot = SubResource( 1 )

[node name="Shape" type="CollisionShape2D" parent="."]
shape = SubResource( 2 )

[node name="Cooldown" type="Timer" parent="."]
wait_time = 2.0
one_shot = true

[node name="Sight" type="Area2D" parent="."]

[node name="Radius" type="CollisionShape2D" parent="Sight" groups=["Turret"]]
shape = SubResource( 3 )

[node name="Boom" type="AudioStreamPlayer2D" parent="."]
stream = ExtResource( 6 )
volume_db = -10.0
bus = "Sound"

[connection signal="area_entered" from="Sight" to="." method="_on_Sight_area_entered"]
[connection signal="area_exited" from="Sight" to="." method="_on_Sight_area_exited"]
[connection signal="body_entered" from="Sight" to="." method="_on_Sight_body_entered"]
[connection signal="body_exited" from="Sight" to="." method="_on_Sight_body_exited"]
